<?xml version="1.0" encoding="UTF-8"?><collection xmlns="http://www.loc.gov/MARC21/slim"><record><leader>00437nam--2200169-i-4500</leader><controlfield tag="001">000040099</controlfield><controlfield tag="002">20161230</controlfield><controlfield tag="005">20161230201042</controlfield><controlfield tag="008">060222s1000------------r-----000-0-eng-d</controlfield><datafield ind1=" " ind2=" " tag="040"><subfield code="a">IFIN-HH</subfield></datafield><datafield ind1=" " ind2=" " tag="080"><subfield code="a">413.232=R=4</subfield></datafield><datafield ind1="1" ind2=" " tag="100"><subfield code="a">Saineanu, Const</subfield></datafield><datafield ind1="1" ind2="0" tag="245"><subfield code="a">Dictionnaire roumain-francais</subfield><subfield code="c">Const. saineanu</subfield></datafield><datafield ind1=" " ind2=" " tag="260"><subfield code="a">Bucaresti</subfield><subfield code="b">Imprimerie Nationale</subfield><subfield code="c">1936</subfield></datafield><datafield ind1=" " ind2=" " tag="300"><subfield code="a">VII + 634 P</subfield></datafield><datafield ind1=" " ind2=" " tag="852"><subfield code="a">D.42</subfield></datafield><datafield ind1=" " ind2=" " tag="CAT"><subfield code="a">Sys</subfield><subfield code="c">20130306</subfield><subfield code="h">130043</subfield></datafield></record></collection>